%%%%%%%%%%%%%%%%%%%%%%%%%%%%%%%%%%%%%%%%%%%%%%%%%%%%%%%%%%%%%%%%%%%%%%%%%%%%%%%%%%%%%%%%%
% Using the IEEEtranS (sorted IEEE citations), author count greater than six
% need to be truncated to et al. This controls it (along with a function declared
% in dissertation.tex.
% http://tex.stackexchange.com/questions/164017/limiting-the-number-of-authors-in-the-references-with-ieeetran
% http://tex.stackexchange.com/questions/16506/bibliography-author-initial-spacing
%%%%%%%%%%%%%%%%%%%%%%%%%%%%%%%%%%%%%%%%%%%%%%%%%%%%%%%%%%%%%%%%%%%%%%%%%%%%%%%%%%%%%%%%%
@IEEEtranBSTCTL{IEEEexample:BSTcontrol,
	CTLuse_forced_etal       	= "yes",
	CTLmax_names_forced_etal 	= "5",
	CTLnames_show_etal 			= "1",
	
}

@inproceedings{Alliez:2005:VTM:1186822.1073238,
 author = {Alliez, Pierre and Cohen-Steiner, David and Yvinec, Mariette and Desbrun, Mathieu},
 title = {Variational Tetrahedral Meshing},
 booktitle = {ACM SIGGRAPH 2005 Papers},
 series = {SIGGRAPH '05},
 year = {2005},
 location = {Los Angeles, California},
 pages = {617--625},
 numpages = {9},
 url = {http://doi.acm.org/10.1145/1186822.1073238},
 doi = {10.1145/1186822.1073238},
 acmid = {1073238},
 publisher = {ACM},
 address = {New York, NY, USA},
 keywords = {delaunay mesh, isotropic meshing, sizing field, slivers},
} 
@article {CGF:CGF3071,
author = {Auer, S. and Macdonald, C. B. and Treib, M. and Schneider, J. and Westermann, R.},
title = {Real-Time Fluid Effects on Surfaces using the Closest Point Method},
journal = {Computer Graphics Forum},
volume = {31},
number = {6},
publisher = {Blackwell Publishing Ltd},
issn = {1467-8659},
url = {http://dx.doi.org/10.1111/j.1467-8659.2012.03071.x},
doi = {10.1111/j.1467-8659.2012.03071.x},
pages = {1909--1923},
keywords = {fluid modelling, animation, ray tracing, real-time rendering},
keywords = {I.6.8 [Simulation and Modeling] Types of Simulation—Parallel, I.3.7 [Computer Graphics] Three-Dimensional Graphics and Realism—Raytracing},
year = {2012},
}
@inproceedings{Baert:2013:OCS:2492045.2492048,
	author = {Baert, Jeroen and Lagae, Ares and Dutr{\'e}, Philip},
	title = {Out-of-core Construction of Sparse Voxel Octrees},
	booktitle = {Proceedings of the 5th High-Performance Graphics Conference},
	series = {HPG '13},
	year = {2013},
	isbn = {978-1-4503-2135-8},
	location = {Anaheim, California},
	pages = {27--32},
	numpages = {6},
	url = {http://doi.acm.org/10.1145/2492045.2492048},
	doi = {10.1145/2492045.2492048},
	acmid = {2492048},
	publisher = {ACM},
	address = {New York, NY, USA},
	keywords = {Morton order, octree, voxelization},
} 

@article{BarnesHut1986,
   author = {{Barnes}, J. and {Hut}, P.},
    title = {A hierarchical O(N log N) force-calculation algorithm},
  journal = {Nature},
 keywords = {COMPUTATIONAL ASTROPHYSICS, MANY BODY PROBLEM, NUMERICAL INTEGRATION, STELLAR MOTIONS, ALGORITHMS, HIERARCHIES},
     year = {1986},
    month = {dec},
   volume = {324},
    pages = {446--449},
      doi = {10.1038/324446a0},
   adsurl = {http://adsabs.harvard.edu/abs/1986Natur.324..446B},
  adsnote = {Provided by the SAO/NASA Astrophysics Data System}
}
@article{Barnes1990161,
title = "A modified tree code: Don't laugh; It runs ",
journal = "Journal of Computational Physics ",
volume = "87",
number = "1",
pages = "161 - 170",
year = "1990",
note = "",
issn = "0021-9991",
doi = "http://dx.doi.org/10.1016/0021-9991(90)90232-P",
url = "http://www.sciencedirect.com/science/article/pii/002199919090232P",
author = "Joshua E. Barnes"
}
@incollection{battke1997,
	year={1997},
	isbn={978-3-642-63891-6},
	booktitle={Visualization and Mathematics},
	editor={Hege, Hans-Christian and Polthier, Konrad},
	doi={10.1007/978-3-642-59195-2_12},
	title={Fast Line Integral Convolution for Arbitrary Surfaces in 3D},
	url={http://dx.doi.org/10.1007/978-3-642-59195-2_12},
	publisher={Springer Berlin Heidelberg},
	author={Battke, Henrik and Stalling, Detlev and Hege, Hans-Christian},
	pages={181-195},
	language={English}
}
@ARTICLE{Belleman2008103,
author={Belleman, R.G. and Bédorf, J. and Portegies Zwart, S.F.},
title={High performance direct gravitational N-body simulations on graphics processing units II: An implementation in CUDA},
journal={New Astronomy},
year={2008},
volume={13},
number={2},
pages={103-112},
note={cited By (since 1996)108},
url={http://www.scopus.com/inward/record.url?eid=2-s2.0-35148867733&partnerID=40&md5=97b5cd93659bfa9fd310c14e3b9afeb5},
document_type={Article},
source={Scopus},
}
@article{DBLP:journals/jcphy/BedorfGZ12,
  author    = {Jeroen B{\'e}dorf and
               Evghenii Gaburov and
               Simon Portegies Zwart},
  title     = {A sparse octree gravitational N-body code that runs entirely
               on the GPU processor},
  journal   = {J. Comput. Physics},
  volume    = {231},
  number    = {7},
  year      = {2012},
  pages     = {2825-2839},
  ee        = {http://dx.doi.org/10.1016/j.jcp.2011.12.024},
  bibsource = {DBLP, http://dblp.uni-trier.de}
}

@article{Bedorf2012b,
year={2012},
issn={1951-6355},
journal={The European Physical Journal Special Topics},
volume={210},
number={1},
doi={10.1140/epjst/e2012-1647-6},
title={A pilgrimage to gravity on GPUs},
url={http://dx.doi.org/10.1140/epjst/e2012-1647-6},
publisher={Springer-Verlag},
author={B{\'e}dorf, J. and Portegies Zwart, S.},
pages={201-216},
language={English}
}
@article{Blelloch:1989:SPP:76108.76113,
	author = {Blelloch, G. E.},
	title = {Scans As Primitive Parallel Operations},
	journal = {IEEE Trans. Comput.},
	issue_date = {November 1989},
	volume = {38},
	number = {11},
	month = nov,
	year = {1989},
	issn = {0018-9340},
	pages = {1526--1538},
	numpages = {13},
	url = {http://dx.doi.org/10.1109/12.42122},
	doi = {10.1109/12.42122},
	acmid = {76113},
	publisher = {IEEE Computer Society},
	address = {Washington, DC, USA},
	keywords = {Connection Machine system, EREW PRAM, O(log n) factor, PARIS, algorithm design, computational complexity, instruction sets, line-drawing algorithm, memory references, merging algorithm, minimum-spanning-tree algorithm, parallel algorithms, parallel instruction set, parallel programming, parallel random access machine, quicksort algorithm, radix-sort algorithm, scan primitives, search problems, sorting., unit-time primitives},
} 
@TECHREPORT{Blelloch90prefixsums,
	author = {Guy E. Blelloch},
	title = {Prefix Sums and Their Applications},
	institution = {Synthesis of Parallel Algorithms},
	year = {1990}
}
@inproceedings{Boissonnat:2003:PGS:882370.882372,
 author = {Boissonnat, J. D. and Oudot, S.},
 title = {Provably Good Surface Sampling and Approximation},
 booktitle = {Proceedings of the 2003 Eurographics/ACM SIGGRAPH Symposium on Geometry Processing},
 series = {SGP '03},
 year = {2003},
 isbn = {1-58113-687-0},
 location = {Aachen, Germany},
 pages = {9--18},
 numpages = {10},
 url = {http://dl.acm.org/citation.cfm?id=882370.882372},
 acmid = {882372},
 publisher = {Eurographics Association},
 address = {Aire-la-Ville, Switzerland, Switzerland},
} 
@incollection{boltchevaimr2009,
year={2009},
isbn={978-3-642-04270-6},
booktitle={Medical Image Computing and Computer-Assisted Intervention – MICCAI 2009},
volume={5762},
series={Lecture Notes in Computer Science},
editor={Yang, Guang-Zhong and Hawkes, David and Rueckert, Daniel and Noble, Alison and Taylor, Chris},
doi={10.1007/978-3-642-04271-3_35},
title={Mesh Generation from 3D Multi-material Images},
url={http://dx.doi.org/10.1007/978-3-642-04271-3_35},
publisher={Springer Berlin Heidelberg},
author={Boltcheva, Dobrina and Yvinec, Mariette and Boissonnat, Jean-Daniel},
pages={283-290},
language={English}
}
@ARTICLE{5388473,
author={Bresenham, J.E.},
journal={IBM Systems Journal},
title={Algorithm for computer control of a digital plotter},
year={1965},
month={},
volume={4},
number={1},
pages={25-30},
doi={10.1147/sj.41.0025},
ISSN={0018-8670},}
@inproceedings{BLW10,
  author = {Jonathan R. Bronson and
      Joshua A. Levine and
         Ross T. Whitaker},
  title = {Particle systems for adaptive, isotropic meshing of {CAD} models},
  booktitle = {19th IMR},
  year = {2010},
  month = oct,
  pages = {279-296},
}
@ARTICLE{6579593,
author={Bronson, J. and Levine, J.A. and Whitaker, R.},
journal={Visualization and Computer Graphics, IEEE Transactions on},
title={Lattice Cleaving: A Multimaterial Tetrahedral Meshing Algorithm with Guarantees},
year={2014},
volume={20},
number={2},
pages={223-237},
keywords={computational geometry;mesh generation;dihedral angles;element quality;geometric fidelity;lattice cleaving;multimaterial tetrahedral meshing algorithm;multiple materials;volumetric domains;Biological system modeling;Finite element analysis;Geometry;Joining processes;Lattices;Materials;Topology;Biological system modeling;Finite element analysis;Geometry;Joining processes;Lattices;Materials;Tetrahedral meshing;Topology;adaptive meshing;biomedical;conformal meshing;guaranteed meshing;mesh quality;multilabel;multimaterial;watertight},
doi={10.1109/TVCG.2013.115},
ISSN={1077-2626},
month={Feb.},}


@inproceedings{Buck:2004:BGS:1186562.1015800,
	author = {Buck, Ian and Foley, Tim and Horn, Daniel and Sugerman, Jeremy and Fatahalian, Kayvon and Houston, Mike and Hanrahan, Pat},
	title = {Brook for GPUs: Stream Computing on Graphics Hardware},
	booktitle = {ACM SIGGRAPH 2004 Papers},
	series = {SIGGRAPH '04},
	year = {2004},
	location = {Los Angeles, California},
	pages = {777--786},
	numpages = {10},
	url = {http://doi.acm.org/10.1145/1186562.1015800},
	doi = {10.1145/1186562.1015800},
	acmid = {1015800},
	publisher = {ACM},
	address = {New York, NY, USA},
	keywords = {Data Parallel Computing, GPU Computing, Brook, Programmable Graphics Hardware, Stream Computing},
} 
@incollection{burtscher11,
  author = {Martin Burtscher and Keshav Pingali},
  title = {An Efficient {CUDA} Implementation of the Tree-based Barnes Hut n-Body
	Algorithm},
  booktitle = {GPU Computing Gems Emerald Edition},
  publisher = {Morgan Kaufmann},
  year = {2011},
  pages = {75--92},
  url = {http://iss.ices.utexas.edu/Publications/Papers/burtscher11.pdf},
  isbn = {978-0-12-384988-5},
  tags = {galois}
}

@Article{SCI:Cal2009a,
	author =    "M. Callahan and M.J. Cole and J.F. Shepherd and
	J.G. Stinstra and C.R. Johnson",
	title =     "A Meshing Pipeline for Biomedical Models",
	journal =   "Engineering with Computers",
	volume =    "25",
	number =    "1",
	pages =     "115-130",
	year =      "2009",
	publisher = "SpringerLink",
	doi =       "10.1007/s00366-008-0106-1",
	url =       "http://www.sci.utah.edu/publications/callahan09/scirun_meshing.pdf",
}
@article{Cheng:2000:SE:355483.355487,
 author = {Cheng, Siu-Wing and Dey, Tamal K. and Edelsbrunner, Herbert and Facello, Michael A. and Teng, Shang-Hua},
 title = {Silver Exudation},
 journal = {J. ACM},
 issue_date = {Sept. 2000},
 volume = {47},
 number = {5},
 month = sep,
 year = {2000},
 issn = {0004-5411},
 pages = {883--904},
 numpages = {22},
 url = {http://doi.acm.org/10.1145/355483.355487},
 doi = {10.1145/355483.355487},
 acmid = {355487},
 publisher = {ACM},
 address = {New York, NY, USA},
 keywords = {(weighted) Dulaunay triangulations, algorithms, computational geometry, mesh generation, mesh quality, silvers, tetrahedral meshes},
} 

@article{doi:10.1137/100815256,
author = {Andrey N. Chernikov and Nikos P. Chrisochoides},
title = {Multitissue Tetrahedral Image-to-mesh Conversion with Guaranteed Quality and Fidelity},
journal = {SIAM Journal on Scientific Computing},
volume = {33},
number = {6},
pages = {3491-3508},
year = {2011},
doi = {10.1137/100815256},
URL = { http://dx.doi.org/10.1137/100815256},
eprint = {  http://dx.doi.org/10.1137/100815256   }
}

@inproceedings{Crassin:2009:GRS:1507149.1507152,
	author = {Crassin, Cyril and Neyret, Fabrice and Lefebvre, Sylvain and Eisemann, Elmar},
	title = {GigaVoxels: Ray-guided Streaming for Efficient and Detailed Voxel Rendering},
	booktitle = {Proceedings of the 2009 Symposium on Interactive 3D Graphics and Games},
	series = {I3D '09},
	year = {2009},
	isbn = {978-1-60558-429-4},
	location = {Boston, Massachusetts},
	pages = {15--22},
	numpages = {8},
	url = {http://doi.acm.org/10.1145/1507149.1507152},
	doi = {10.1145/1507149.1507152},
	acmid = {1507152},
	publisher = {ACM},
	address = {New York, NY, USA},
} 
@InProceedings{conf/visualization/CrossnoA97,
  title =	"Isosurface extraction using particle systems",
  author =	"Patricia Crossno and Edward Angel",
  year = 	"1997",
  bibdate =	"2002-03-13",
  bibsource =	"DBLP,
		 http://dblp.uni-trier.de/db/conf/visualization/visualization1997.html#CrossnoA97",
  booktitle =	"IEEE Visualization 97",
  pages =	"495--498",
  URL =  	"http://doi.acm.org/10.1145/266989.267130",
}
@ARTICLE{5290737, 
author={Burger, K. and Ferstl, F. and Theisel, H. and Westermann, R.}, 
journal={Visualization and Computer Graphics, IEEE Transactions on}, 
title={Interactive Streak Surface Visualization on the GPU}, 
year={2009}, 
volume={15}, 
number={6}, 
pages={1259-1266}, 
keywords={coprocessors;flow visualisation;image representation;mesh generation;physics computing;rendering (computer graphics);GPU;adaptive surface representation;interactive streak surface visualization;numerical particle integration;particle-based surface representation;patch-based surface representation;quadrilateral surface patches;surface quality;surface rendering;surface triangulation;triangle mesh;visual quality;Bandwidth;Computational complexity;Computer graphics;Hydrogen;Monitoring;Shape;Streaming media;Video sequences;Visualization;GPUs;Unsteady flow visualization;streak surface generation}, 
doi={10.1109/TVCG.2009.154}, 
ISSN={1077-2626},}
@inproceedings{Cabral:1993:IVF:166117.166151,
	author = {Cabral, Brian and Leedom, Leith Casey},
	title = {Imaging Vector Fields Using Line Integral Convolution},
	booktitle = {Proceedings of the 20th Annual Conference on Computer Graphics and Interactive Techniques},
	series = {SIGGRAPH '93},
	year = {1993},
	isbn = {0-89791-601-8},
	location = {Anaheim, CA},
	pages = {263--270},
	numpages = {8},
	url = {http://doi.acm.org/10.1145/166117.166151},
	doi = {10.1145/166117.166151},
	acmid = {166151},
	publisher = {ACM},
	address = {New York, NY, USA},
	keywords = {convolution, filtering, flow fields, periodic motion filtering, rendering, special effects, texture synthesis, visualization},
} 
@article {NME:NME1620210210,
	author = {Caendish, James C. and Field, David A. and Frey, William H.},
	title = {An apporach to automatic three-dimensional finite element mesh generation},
	journal = {International Journal for Numerical Methods in Engineering},
	volume = {21},
	number = {2},
	publisher = {John Wiley & Sons, Ltd},
	issn = {1097-0207},
	url = {http://dx.doi.org/10.1002/nme.1620210210},
	doi = {10.1002/nme.1620210210},
	pages = {329--347},
	year = {1985},
}

@article{DBLP:journals/cgf/CuntzKSW08,
  author    = {Nicolas Cuntz and
               Andreas Kolb and
               Robert Strzodka and
               Daniel Weiskopf},
  title     = {Particle Level Set Advection for the Interactive Visualization
               of Unsteady 3D Flow},
  journal   = {Comput. Graph. Forum},
  volume    = {27},
  number    = {3},
  year      = {2008},
  pages     = {719-726},
  ee        = {http://dx.doi.org/10.1111/j.1467-8659.2008.01200.x},
  bibsource = {DBLP, http://dblp.uni-trier.de}
}
@article{Dehnen:2011fj,
      author         = "Dehnen, Walter and Read, Justin",
      title          = "{N-body simulations of gravitational dynamics}",
      journal        = "Eur.Phys.J.Plus",
      volume         = "126",
      pages          = "55",
      doi            = "10.1140/epjp/i2011-11055-3",
      year           = "2011",
      eprint         = "1105.1082",
      archivePrefix  = "arXiv",
      primaryClass   = "astro-ph.IM",
      SLACcitation   = "%%CITATION = ARXIV:1105.1082;%%"
}
@InProceedings{Dey:2003:TCW:781606.781627,
 author = {Dey, Tamal K. and Goswami, Samrat},
 title = {Tight cocone: a water-tight surface reconstructor},
 booktitle = {Proceedings of the eighth ACM symposium on solid modeling and applications},
 series = {SM '03},
 year = {2003},
 isbn = {1-58113-706-0},
 location = {Seattle, Washington, USA},
 pages = {127--134},
 numpages = {8},
 url = {http://doi.acm.org/10.1145/781606.781627},
 doi = {http://doi.acm.org/10.1145/781606.781627},
 acmid = {781627},
 publisher = {ACM},
 address = {New York, NY, USA},
 keywords = {Voronoi diagram, delaunay triangulation, point cloud, surface reconstruction},
} 
@article{Dongarra:2011:IES:1943326.1943339,
 author = {Dongarra, Jack and Beckman, Pete and Moore, Terry and Aerts, Patrick and Aloisio, Giovanni and Andre, Jean-Claude and Barkai, David and Berthou, Jean-Yves and Boku, Taisuke and Braunschweig, Bertrand and Cappello, Franck and Chapman, Barbara and Xuebin Chi and Choudhary, Alok and Dosanjh, Sudip and Dunning, Thom and Fiore, Sandro and Geist, Al and Gropp, Bill and Harrison, Robert and Hereld, Mark and Heroux, Michael and Hoisie, Adolfy and Hotta, Koh and Zhong Jin and Ishikawa, Yutaka and Johnson, Fred and Kale, Sanjay and Kenway, Richard and Keyes, David and Kramer, Bill and Labarta, Jesus and Lichnewsky, Alain and Lippert, Thomas and Lucas, Bob and Maccabe, Barney and Matsuoka, Satoshi and Messina, Paul and Michielse, Peter and Mohr, Bernd and Mueller, Matthias S. and Nagel, Wolfgang E. and Nakashima, Hiroshi and Papka, Michael E and Reed, Dan and Sato, Mitsuhisa and Seidel, Ed and Shalf, John and Skinner, David and Snir, Marc and Sterling, Thomas and Stevens, Rick and Streitz, Fred and Sugar, Bob and Sumimoto, Shinji and Tang, William and Taylor, John and Thakur, Rajeev and Trefethen, Anne and Valero, Mateo and Van Der Steen, Aad and Vetter, Jeffrey and Williams, Peg and Wisniewski, Robert and Yelick, Kathy},
 title = {The International Exascale Software Project Roadmap},
 journal = {Int. J. High Perform. Comput. Appl.},
 issue_date = {February  2011},
 volume = {25},
 number = {1},
 month = feb,
 year = {2011},
 issn = {1094-3420},
 pages = {3--60},
 numpages = {58},
 url = {http://dx.doi.org/10.1177/1094342010391989},
 doi = {10.1177/1094342010391989},
 acmid = {1943339},
 publisher = {Sage Publications, Inc.},
 address = {Thousand Oaks, CA, USA},
 keywords = {exascale computing, high-performance computing, software stack},
} 
@article{Du:1999:CVT:340312.340319,
 author = {Du, Qiang and Faber, Vance and Gunzburger, Max},
 title = {Centroidal Voronoi Tessellations: Applications and Algorithms},
 journal = {SIAM Rev.},
 issue_date = {Dec. 1999},
 volume = {41},
 number = {4},
 month = dec,
 year = {1999},
 issn = {0036-1445},
 pages = {637--676},
 numpages = {40},
 url = {http://dx.doi.org/10.1137/S0036144599352836},
 doi = {10.1137/S0036144599352836},
 acmid = {340319},
 publisher = {Society for Industrial and Applied Mathematics},
 address = {Philadelphia, PA, USA},
 keywords = {Voronoi tessellations, centroids, clustering, data compression, vector quantization},
} 


@article {NLA:NLA476,
author = {Du, Qiang and Emelianenko, Maria},
title = {Acceleration schemes for computing centroidal Voronoi tessellations},
journal = {Numerical Linear Algebra with Applications},
volume = {13},
number = {2-3},
publisher = {John Wiley & Sons, Ltd.},
issn = {1099-1506},
url = {http://dx.doi.org/10.1002/nla.476},
doi = {10.1002/nla.476},
pages = {173--192},
keywords = {centroidal Voronoi tessellations, computational algorithms, Lloyd's method, Newton's method, multilevel method, uniform convergence},
year = {2006},
}


@article{Dubinski1996133,
title = "A parallel tree code ",
journal = "New Astronomy ",
volume = "1",
number = "2",
pages = "133 - 147",
year = "1996",
note = "",
issn = "1384-1076",
doi = "http://dx.doi.org/10.1016/S1384-1076(96)00009-7",
url = "http://www.sciencedirect.com/science/article/pii/S1384107696000097",
author = "John Dubinski",
keywords = "Methods: numerical",
keywords = "Galaxies: formation",
keywords = "Galaxies: kinematics and dynamics",
keywords = "Cosmology: theory "
}


@article{DBLP:journals/cg/EdmundsLCMZW12,
  author    = {Matt Edmunds and
               Robert S. Laramee and
               Guoning Chen and
               Nelson Max and
               Eugene Zhang and
               Colin Ware},
  title     = {Surface-based flow visualization},
  journal   = {Computers {\&} Graphics},
  volume    = {36},
  number    = {8},
  year      = {2012},
  pages     = {974-990},
  ee        = {http://dx.doi.org/10.1016/j.cag.2012.07.006},
  bibsource = {DBLP, http://dblp.uni-trier.de}
}

@article {NME:NME3356,
author = {Edwards, Essex and Bridson, Robert},
title = {A high-order accurate particle-in-cell method},
journal = {International Journal for Numerical Methods in Engineering},
volume = {90},
number = {9},
publisher = {John Wiley & Sons, Ltd},
issn = {1097-0207},
url = {http://dx.doi.org/10.1002/nme.3356},
doi = {10.1002/nme.3356},
pages = {1073--1088},
keywords = {particle-in-cell, high-order accuracy, low dissipation, inviscid, incompressible, unstructured, PIC, FLIP, MPM, GIMP},
year = {2012},
}
@inproceedings{Eisemann:2006:FSV:1111411.1111424,
	author = {Eisemann, Elmar and D{\'e}coret, Xavier},
	title = {Fast Scene Voxelization and Applications},
	booktitle = {Proceedings of the 2006 Symposium on Interactive 3D Graphics and Games},
	series = {I3D '06},
	year = {2006},
	isbn = {1-59593-295-X},
	location = {Redwood City, California},
	pages = {71--78},
	numpages = {8},
	url = {http://doi.acm.org/10.1145/1111411.1111424},
	doi = {10.1145/1111411.1111424},
	acmid = {1111424},
	publisher = {ACM},
	address = {New York, NY, USA},
	keywords = {GPU, refraction, shadows, voxelization},
} 

@incollection{Eppstein2001,
year={2001},
isbn={978-3-642-15413-3},
booktitle={Tutorial at the 10th Int. Meshing Roundtable, Newport Beach.},
editor={Shontz, Suzanne},
doi={10.1007/978-3-642-15414-0_22},
title={Global optimization of mesh quality.},
url={http://dx.doi.org/10.1007/978-3-642-15414-0_22},
publisher={Springer Berlin Heidelberg},
author={Eppstein , D.},
pages={367-384},
language={English}
}
 

@inproceedings{Fatahalian:2004:UEG:1058129.1058148,
	author = {Fatahalian, K. and Sugerman, J. and Hanrahan, P.},
	title = {Understanding the Efficiency of GPU Algorithms for Matrix-matrix Multiplication},
	booktitle = {Proceedings of the ACM SIGGRAPH/EUROGRAPHICS Conference on Graphics Hardware},
	series = {HWWS '04},
	year = {2004},
	isbn = {3-905673-15-0},
	location = {Grenoble, France},
	pages = {133--137},
	numpages = {5},
	url = {http://doi.acm.org/10.1145/1058129.1058148},
	doi = {10.1145/1058129.1058148},
	acmid = {1058148},
	publisher = {ACM},
	address = {New York, NY, USA},
} 
@ARTICLE{5613499, 
author={Ferstl, F. and Burger, K. and Theisel, H. and Westermann, R.}, 
journal={Visualization and Computer Graphics, IEEE Transactions on}, 
title={Interactive Separating Streak Surfaces}, 
year={2010}, 
volume={16}, 
number={6}, 
pages={1569-1577}, 
keywords={data visualisation;feature extraction;interactive systems;solid modelling;3D unsteady flow exploration;GPU;Lagrangian coherent structure;feature extraction;finite time Lyapunov exponent;interactive technique;particle density;particle trajectory;real-time visualization;ridges;seeding structure;semantic separable surface;separation profile;separation surface;streak surface;visual analysis;Feature extraction;Graphics processing unit;Pixel;Skeleton;Surface reconstruction;Three dimensional displays;GPUs;Unsteady flow visualization;feature extraction;streak surface generation}, 
doi={10.1109/TVCG.2010.169}, 
ISSN={1077-2626},}
@article{Forssell:1995:ULI:614258.614301,
	author = {Forssell, Lisa K. and Cohen, Scott D.},
	title = {Using Line Integral Convolution for Flow Visualization: Curvilinear Grids, Variable-Speed Animation, and Unsteady Flows},
	journal = {Visualization and Computer Graphics, IEEE Transactions on},
	issue_date = {June 1995},
	volume = {1},
	number = {2},
	month = jun,
	year = {1995},
	issn = {1077-2626},
	pages = {133--141},
	numpages = {9},
	url = {http://dx.doi.org/10.1109/2945.468406},
	doi = {10.1109/2945.468406},
	acmid = {614301},
	publisher = {IEEE Educational Activities Department},
	address = {Piscataway, NJ, USA},
	keywords = {Flow visualization, vector field visualization, line integral convolution, curvilinear grids, flow animation, unsteady flows.},
} 

@ARTICLE{Freitag97tetrahedralmesh,
	author = {Lori A. Freitag and Carl Ollivier-gooch},
	title = {Tetrahedral Mesh Improvement Using Swapping and Smoothing},
	journal = {INTERNATIONAL JOURNAL FOR NUMERICAL METHODS IN ENGINEERING},
	year = {1997},
	volume = {40},
	number = {21},
	pages = {3979--4002}
}
@ARTICLE{Fukushige1991,
   author = {{Fukushige}, T. and {Ito}, T. and {Makino}, J. and {Ebisuzaki}, T. and 
	{Sugimoto}, D. and {Umemura}, M.},
    title = "{GRAPE-1A: Special-Purpose Computer for N-body Simulation with a Tree Code}",
  journal = {Publications of the Astronomical Society of Japan },
 keywords = {COLLISIONLESS SYSTEMS, GALAXIES, SMOOTHED PARTICLE HYDRODYNAMICS, SPECIAL-PURPOSE COMPUTERS, TREE ALGORITHM},
     year = 1991,
    month = dec,
   volume = 43,
    pages = {841-858},
   adsurl = {http://adsabs.harvard.edu/abs/1991PASJ...43..841F},
  adsnote = {Provided by the SAO/NASA Astrophysics Data System}
}

@article{Gaburov2009630,
title = "SAPPORO: A way to turn your graphics cards into a GRAPE-6 ",
journal = "New Astronomy ",
volume = "14",
number = "7",
pages = "630 - 637",
year = "2009",
note = "",
issn = "1384-1076",
doi = "http://dx.doi.org/10.1016/j.newast.2009.03.002",
url = "http://www.sciencedirect.com/science/article/pii/S1384107609000359",
author = "Evghenii Gaburov and Stefan Harfst and Simon Portegies Zwart",
keywords = "Stellar dynamics",
keywords = "Methods: <span style='font-style: italic'>N</span>-body simulations",
keywords = "Methods: numerical",
keywords = "Galaxies: clusters: general "
}
@article{Gaburov20101119,
title = "Gravitational tree-code on graphics processing units: implementation in \{CUDA\} ",
journal = "Procedia Computer Science ",
volume = "1",
number = "1",
pages = "1119 - 1127",
year = "2010",
note = "<ce:title>ICCS 2010</ce:title> ",
issn = "1877-0509",
doi = "http://dx.doi.org/10.1016/j.procs.2010.04.124",
url = "http://www.sciencedirect.com/science/article/pii/S1877050910001250",
author = "Evghenii Gaburov and Jeroen Bédorf and Simon Portegies Zwart",
keywords = "Gravity",
keywords = "Tree-code",
keywords = "\{GPU\}",
keywords = "Parallel",
keywords = "\{CUDA\} "
}


@inproceedings{Garth:2004:STV:2384225.2384250,
 author = {Garth, Christoph and Tricoche, Xavier and Salzbrunn, Tobias and Bobach, Tom and Scheuermann, Gerik},
 title = {Surface techniques for vortex visualization},
 booktitle = {Proceedings of the Sixth Joint Eurographics - IEEE TCVG conference on Visualization},
 series = {VISSYM'04},
 year = {2004},
 isbn = {3-905673-07-X},
 location = {Konstanz, Germany},
 pages = {155--164},
 numpages = {10},
 url = {http://dx.doi.org/10.2312/VisSym/VisSym04/155-164},
 doi = {10.2312/VisSym/VisSym04/155-164},
 acmid = {2384250},
 publisher = {Eurographics Association},
 address = {Aire-la-Ville, Switzerland, Switzerland},
} 
@InProceedings{zora43069,
       booktitle = {Proceedings ACM SIGGRAPH Eurographics Symposium on Computer Animation},
           month = {July},
           title = {Interactive {SPH} simulation and rendering on the {GPU}},
          author = {P Goswami and P Schlegel and B Solenthaler and R Pajarola},
            year = {2010},
           pages = {55--64},
        keywords = {graphics, particle simulation, fluid dynamics},
             url = {http://www.zora.uzh.ch/43069/},
        abstract = {In this paper we introduce a novel parallel and interactive SPH simulation and rendering method on the GPU using CUDA which allows for high quality visualization. The crucial particle neighborhood search is based on Z-indexing and parallel sorting which eliminates GPU memory overhead due to grid or hierarchical data structures. Furthermore, it overcomes limitations imposed by shading languages allowing it to be very flexible and approaching the practical limits of modern graphics hardware. For visualizing the SPH simulation we introduce a new rendering pipeline. In the first step, all surface particles are efficiently extracted from the SPH particle cloud exploiting the simulation data. Subsequently, a partial and therefore fast distance field volume is rasterized from the surface particles. In the last step, the distance field volume is directly rendered using state-of-the-art GPU raycasting. This rendering pipeline allows for high quality visualization at very high frame rates.}
}
@article{Haller2001248,
title = "Distinguished material surfaces and coherent structures in three-dimensional fluid flows ",
journal = "Physica D: Nonlinear Phenomena ",
volume = "149",
number = "4",
pages = "248 - 277",
year = "2001",
note = "",
issn = "0167-2789",
doi = "http://dx.doi.org/10.1016/S0167-2789(00)00199-8",
url = "http://www.sciencedirect.com/science/article/pii/S0167278900001998",
author = "G. Haller",
keywords = "Fluid flows",
keywords = "Coherent structures",
keywords = "Invariant manifolds",
keywords = "Mixing "
}
@article{:/content/aip/journal/pof2/14/6/10.1063/1.1477449,
   author = "Haller, G.",
   title = "Lagrangian coherent structures from approximate velocity data",
   journal = "Physics of Fluids (1994-present)",
   year = "2002",
   volume = "14",
   number = "6", 
   pages = "1851-1861",
   url = "http://scitation.aip.org/content/aip/journal/pof2/14/6/10.1063/1.1477449",
   doi = "http://dx.doi.org/10.1063/1.1477449" 
}
@inproceedings{Hamada:2010:TAN:1884643.1884644,
 author = {Hamada, Tsuyoshi and Nitadori, Keigo},
 title = {190 TFlops Astrophysical N-body Simulation on a Cluster of GPUs},
 booktitle = {Proceedings of the 2010 ACM/IEEE International Conference for High Performance Computing, Networking, Storage and Analysis},
 series = {SC '10},
 year = {2010},
 isbn = {978-1-4244-7559-9},
 pages = {1--9},
 numpages = {9},
 url = {http://dx.doi.org/10.1109/SC.2010.1},
 doi = {10.1109/SC.2010.1},
 acmid = {1884644},
 publisher = {IEEE Computer Society},
 address = {Washington, DC, USA},
} 
@incollection{Hlawitschka2007,
year={2007},
isbn={978-3-540-76857-9},
booktitle={Advances in Visual Computing},
volume={4841},
series={Lecture Notes in Computer Science},
editor={Bebis, George and Boyle, Richard and Parvin, Bahram and Koracin, Darko and Paragios, Nikos and Tanveer, Syeda-Mahmood and Ju, Tao and Liu, Zicheng and Coquillart, Sabine and Cruz-Neira, Carolina and Müller, Torsten and Malzbender, Tom},
doi={10.1007/978-3-540-76858-6_33},
title={Interactive Glyph Placement for Tensor Fields},
url={http://dx.doi.org/10.1007/978-3-540-76858-6_33},
publisher={Springer Berlin Heidelberg},
author={Hlawitschka, Mario and Scheuermann, Gerik and Hamann, Bernd},
pages={331-340}
}
@article{hoberock2009thrust,
  title={Thrust: A Parallel Template Library},
  author={Hoberock, Jared and Bell, Nathan},
  journal={Thrust: A Parallel Template Library},
  year={2009}
}
@article{Hong:2010:GCF:1842950.1842954,
 author = {Hong, Yi and Zhu, Dengming and Qiu, Xianjie and Wang, Zhaoqi},
 title = {Geometry-based control of fire simulation},
 journal = {Vis. Comput.},
 issue_date = {September 2010},
 volume = {26},
 number = {9},
 month = sep,
 year = {2010},
 issn = {0178-2789},
 pages = {1217--1228},
 numpages = {12},
 url = {http://dx.doi.org/10.1007/s00371-009-0403-8},
 doi = {10.1007/s00371-009-0403-8},
 acmid = {1842954},
 publisher = {Springer-Verlag New York, Inc.},
 address = {Secaucus, NJ, USA},
 keywords = {Control blue core, L-Speed, Modified closest-point method},
} 
@INPROCEEDINGS{6183584,
	author={Jin Huang and Wenjie Pei and Chunfeng Wen and Guoning Chen and Wei Chen and Hujun Bao},
	booktitle={Visualization Symposium (PacificVis), 2012 IEEE Pacific},
	title={Output-coherent image-space LIC for surface flow visualization},
	year={2012},
	pages={137-144},
	keywords={data visualisation;graphics processing units;image colour analysis;image texture;user interfaces;3D volume texture;GPU acceleration;LIC visualization;color blur;color distribution;granularity;graphics processing unit;line integral convolution;mipmap noise texture;output-coherent image-space LIC;smooth transition effect;surface flow visualization;surface parameterization;surface vector field visualization;texture coherence;texture coordinate;texture mapping technique;user interaction;Colored noise;Image color analysis;Streaming media;Surface texture;Vectors;Visualization},
	doi={10.1109/PacificVis.2012.6183584},
	ISSN={2165-8765},
	month={Feb},}
@INPROCEEDINGS{235211, 
author={Hultquist, J. P M}, 
booktitle={Visualization, 1992. Visualization '92, Proceedings., IEEE Conference on}, 
title={Constructing stream surfaces in steady 3D vector fields}, 
year={1992}, 
pages={171-178}, 
keywords={data visualisation;flow simulation;flow visualisation;physics computing;adequate sampling;downstream edge;flow field;growing surface;polygons;ribbon methods;steady 3D vector fields;two-dimensional stream surface;vector field visualization;Aerodynamics;Fluid flow;NASA;Numerical simulation;Packaging;Postal services;Sampling methods;Shape;Streaming media;Visualization}, 
doi={10.1109/VISUAL.1992.235211},}

@article{DBLP:journals/tvcg/JobardEH02,
  author    = {Bruno Jobard and
               Gordon Erlebacher and
               M. Yousuff Hussaini},
  title     = {Lagrangian-Eulerian Advection of Noise and Dye Textures
               for Unsteady Flow Visualization},
  journal   = {IEEE Trans. Vis. Comput. Graph.},
  volume    = {8},
  number    = {3},
  year      = {2002},
  pages     = {211-222},
  ee        = {http://doi.ieeecomputersociety.org/10.1109/TVCG.2002.1021575},
  bibsource = {DBLP, http://dblp.uni-trier.de}
}
@INPROCEEDINGS{885689, 
	author={Jobard, B. and Erlebacher, G. and Hussaini, M.Y.}, 
	booktitle={Visualization 2000. Proceedings}, 
	title={Hardware-accelerated texture advection for unsteady flow visualization}, 
	year={2000}, 
	month={Oct}, 
	pages={155-162}, 
	keywords={computational fluid dynamics;computer animation;flow instability;flow visualisation;image enhancement;image texture;2D unsteady flow visualization;EMXI graphics;OpenGL-1.2 specification;SGI Octane;animations;dye advection techniques;edge effects;feature extraction;hardware-accelerated texture advection algorithm;high image quality;image enhancement;noise frequency;particles;spatial coherence techniques;temporal coherence techniques;Acceleration;Animation;Computer displays;Computer graphics;Frequency;Hardware;Image quality;Information technology;Software algorithms;Visualization}, 
	doi={10.1109/VISUAL.2000.885689},}
@inproceedings{Jobard:2001:LAU:601671.601678,
	author = {Jobard, Bruno and Erlebacher, Gordon and Hussaini, M. Yousuff},
	title = {Lagrangian-Eulerian Advection for Unsteady Flow Visualization},
	booktitle = {Proceedings of the Conference on Visualization '01},
	series = {VIS '01},
	year = {2001},
	isbn = {0-7803-7200-X},
	location = {San Diego, California},
	pages = {53--60},
	numpages = {8},
	url = {http://dl.acm.org/citation.cfm?id=601671.601678},
	acmid = {601678},
	publisher = {IEEE Computer Society},
	address = {Washington, DC, USA},
} 

@article {CGF:CGF3103,
	author = {Karch, Grzegorz Karol and Sadlo, Filip and Weiskopf, Daniel and Munz, Claus-Dieter and Ertl, Thomas},
	title = {Visualization of Advection-Diffusion in Unsteady Fluid Flow},
	journal = {Computer Graphics Forum},
	volume = {31},
	number = {3pt2},
	publisher = {Blackwell Publishing Ltd},
	issn = {1467-8659},
	url = {http://dx.doi.org/10.1111/j.1467-8659.2012.03103.x},
	doi = {10.1111/j.1467-8659.2012.03103.x},
	pages = {1105--1114},
	keywords = {I.6.6 [Simulation and Modeling]: Simulation Output Analysis—, J.2 [Physical Sciences and Engineering]: Physics—},
	year = {2012},
}
@InProceedings{SCI:Kim2012,
 author =     "M. Kim and G. Chen and C. Hansen",
  title =     "Dynamic Particle System for Mesh Extraction on the GPU",
  booktitle = "Proceedings of the 5th Annual Workshop on General
              Purpose Processing with Graphics Processing Units",
  publisher = "ACM",
  address =   "New York, NY, USA",
  location =  "London, England",
  pages =     "38--46",
  year =      "2012",
  series =    "GPGPU-5",
  keywords =  "scalar field methods, GPGPU,
              curvature based, scientific visualization",
}
@InProceedings{SCI:Kim2015b,
    author =    "M. Kim and C.D. Hansen",
    title =     "{GPU} Surface Extraction with the Closest Point Embedding",
    booktitle = "Proceedings of IS\&T SPIE Visualization and Data Analysis, 2015",
    year =      "2015",
    month =     "February",
    keywords =  "scalar field methods, GPGPU, curvature based, scientific visualization",
    url =       "http://www.sci.utah.edu/publications/Kim2015b/Kim_SPIEVDA2015.pdf",
}
@Article{SCI:Kim2015a,
author =    "M. Kim and C.D. Hansen",
title =     "Surface Flow Visualization using the Closest Point Embedding",
journal =   "2015 IEEE Pacific Visualization Symposium",
year =      "2015",
month =     "April",
keywords =  "vector field, flow visualization",
url ="http://www.sci.utah.edu/publications/Kim2015a/Kim_PacVis2015.pdf",
}
@unpublished{SCI:Kim2016a,
	author =    "M. Kim and C.D. Hansen",
	title =     "Closest Point Sparse Octree for Surface Flow Visualization",
	note =      "In Submission",
	year =      "2016",
	keywords =  "vector field, flow visualization",
}
@article{DBLP:journals/tvcg/KimLLR07,
  author    = {ByungMoon Kim and
               Yingjie Liu and
               Ignacio Llamas and
               Jarek Rossignac},
  title     = {Advections with Significantly Reduced Dissipation and Diffusion},
  journal   = {IEEE Trans. Vis. Comput. Graph.},
  volume    = {13},
  number    = {1},
  year      = {2007},
  pages     = {135-144},
  ee        = {http://doi.ieeecomputersociety.org/10.1109/TVCG.2007.3},
  bibsource = {DBLP, http://dblp.uni-trier.de}
}
@article{Kindlmann:2006:DTV:1187627.1187792,
 author = {Kindlmann, Gordon and Westin, Carl-Fredrik},
 title = {Diffusion Tensor Visualization with Glyph Packing},
 journal = {IEEE Transactions on Visualization and Computer Graphics},
 issue_date = {September 2006},
 volume = {12},
 number = {5},
 month = sep,
 year = {2006},
 issn = {1077-2626},
 pages = {1329--1336},
 numpages = {8},
 url = {http://dx.doi.org/10.1109/TVCG.2006.134},
 doi = {10.1109/TVCG.2006.134},
 acmid = {1187792},
 publisher = {IEEE Educational Activities Department},
 address = {Piscataway, NJ, USA},
 keywords = {Diffusion tensor, Diffusion tensor, glyphs, particle systems,  anisotropic sampling, fiber tractography, anisotropic sampling, fiber tractography, glyphs, particle systems},
} 

@article{Krishnan:2009:TAS,
title	=	"Time and Streak Surfaces for Flow Visualization in Large Time-Varying Data Sets",
journal	=	"Proceedings of IEEE Visualization '09",
author	=	"Hari Krishnan AND Christoph Garth AND Ken Joy ",
year	=	"2009",
month	=	oct,
keywords	=	"3D vector ﬁeld visualization, ﬂow visualization, time-varying visualization, surface extraction",
pages	=	"1267--1274",
location	=	"Atlantic City, New Jersey",
abstract	=	"Time and streak surfaces are ideal tools to illustrate time-varying vector fields since they directly appeal to the intuition about coherently moving particles. However, efficient generation of high-quality time and streak surfaces for complex, large and time-varying vector field data has been elusive due to the computational effort involved. In this work, we propose a novel algorithm for computing such surfaces. Our approach is based on a decoupling of surface advection and surface adaptation and yields improved efficiency over other surface tracking methods, and allows us to leverage inherent parallelization opportunities in the surface advection, resulting in more rapid parallel computation. Moreover, we obtain as a result of our algorithm the entire evolution of a time or streak surface in a compact representation, allowing for interactive, high-quality rendering, visualization and exploration of the evolving surface. Finally, we discuss a number of ways to improve surface depiction through advanced rendering and texturing, while preserving interactivity, and provide a number of examples for real-world datasets and analyze the behavior of our algorithm on them.",
}
@INPROCEEDINGS{745294, 
author={Laidlaw, D.H. and Ahrens, E.T. and Kremers, D. and Avalos, M.J. and Jacobs, R.E. and Readhead, C.}, 
booktitle={Visualization '98. Proceedings}, 
title={Visualizing diffusion tensor images of the mouse spinal cord}, 
year={1998}, 
pages={127-134}, 
keywords={Brownian motion;biodiffusion;biology computing;biomedical MRI;data visualisation;diseases;neurophysiology;tensors;H2O;anatomical scalar field;anisotropic diffusion rate;brush strokes;diagnostic value;diffusion tensor image visualization;diffusion-weighted MRI;ellipsoid array;experimental allergic encephalomyelitis;histology;molecular stochastic Brownian motion;mouse spinal cord;multi-valued visualization;neurodegenerative diseases;noninvasive imaging methodology;normalization;oil painting;tensor fields;tensor values;underlying tissue structure;Anisotropic magnetoresistance;Biological systems;Displays;Ellipsoids;Magnetic resonance imaging;Mice;Spinal cord;Stochastic systems;Tensile stress;Visualization}, 
doi={10.1109/VISUAL.1998.745294}, 
ISSN={1},}

@article{Labelle:2007:ISF:1276377.1276448,
 author = {Labelle, Fran\c{c}ois and Shewchuk, Jonathan Richard},
 title = {Isosurface Stuffing: Fast Tetrahedral Meshes with Good Dihedral Angles},
 journal = {ACM Trans. Graph.},
 issue_date = {July 2007},
 volume = {26},
 number = {3},
 month = jul,
 year = {2007},
 issn = {0730-0301},
 articleno = {57},
 url = {http://doi.acm.org/10.1145/1276377.1276448},
 doi = {10.1145/1276377.1276448},
 acmid = {1276448},
 publisher = {ACM},
 address = {New York, NY, USA},
 keywords = {dihedral angle, isosurface, tetrahedral mesh generation},
} 
@inproceedings{Laine:2013:TAV:2600890.2600903,
	author = {Laine, Samuli},
	title = {A Topological Approach to Voxelization},
	booktitle = {Proceedings of the Eurographics Symposium on Rendering},
	series = {EGSR '13},
	year = {2013},
	location = {Zaragoza, Spain},
	pages = {77--86},
	numpages = {10},
	url = {http://dx.doi.org/10.1111/cgf.12153},
	doi = {10.1111/cgf.12153},
	acmid = {2600903},
	publisher = {Eurographics Association},
	address = {Aire-la-Ville, Switzerland, Switzerland},
} 
@inproceedings{Laine:2010:ESV:1730804.1730814,
	author = {Laine, Samuli and Karras, Tero},
	title = {Efficient Sparse Voxel Octrees},
	booktitle = {Proceedings of the 2010 ACM SIGGRAPH Symposium on Interactive 3D Graphics and Games},
	series = {I3D '10},
	year = {2010},
	isbn = {978-1-60558-939-8},
	location = {Washington, D.C.},
	pages = {55--63},
	numpages = {9},
	url = {http://doi.acm.org/10.1145/1730804.1730814},
	doi = {10.1145/1730804.1730814},
	acmid = {1730814},
	publisher = {ACM},
	address = {New York, NY, USA},
} 
@inproceedings{DBLP:conf/visualization/LarameeJH03,
  author    = {Robert S. Laramee and
               Bruno Jobard and
               Helwig Hauser},
  title     = {Image Space Based Visualization of Unsteady Flow on Surfaces},
  booktitle = {IEEE Visualization},
  year      = {2003},
  pages     = {131-138},
  ee        = {http://doi.ieeecomputersociety.org/10.1109/VISUAL.2003.1250364},
  bibsource = {DBLP, http://dblp.uni-trier.de}
}
@article {CGF:CGF753,
author = {Laramee, Robert S. and Hauser, Helwig and Doleisch, Helmut and Vrolijk, Benjamin and Post, Frits H. and Weiskopf, Daniel},
title = {The State of the Art in Flow Visualization: Dense and Texture-Based Techniques},
journal = {Computer Graphics Forum},
volume = {23},
number = {2},
publisher = {Blackwell Publishing Ltd.},
issn = {1467-8659},
url = {http://dx.doi.org/10.1111/j.1467-8659.2004.00753.x},
doi = {10.1111/j.1467-8659.2004.00753.x},
pages = {203--221},
keywords = {visualization, flow visualization, vector field visualization, texture-based flow visualization, I.3 [Computer Graphics]: visualization, flow visualization, computational flow visualization},
year = {2004},
}
@article {CGF:CGF1201,
	author = {Li, Guo-Shi and Tricoche, Xavier and Hansen, Charles},
	title = {Physically-based Dye Advection for Flow Visualization},
	journal = {Computer Graphics Forum},
	volume = {27},
	number = {3},
	publisher = {Blackwell Publishing Ltd},
	issn = {1467-8659},
	url = {http://dx.doi.org/10.1111/j.1467-8659.2008.01201.x},
	doi = {10.1111/j.1467-8659.2008.01201.x},
	pages = {727--734},
	keywords = {Flow Visualization, Dye Advection},
	year = {2008},
}
@article{10.1109/TVCG.2008.58,
author = {Guo-Shi Li and Xavier Tricoche and Daniel Weiskopf and Charles D. Hansen},
title = {Flow Charts: Visualization of Vector Fields on Arbitrary Surfaces},
journal ={IEEE Transactions on Visualization and Computer Graphics},
volume = {14},
number = {5},
issn = {1077-2626},
year = {2008},
pages = {1067-1080},
doi = {http://doi.ieeecomputersociety.org/10.1109/TVCG.2008.58},
publisher = {IEEE Computer Society},
address = {Los Alamitos, CA, USA},
}
@inproceedings{Li:2006:GIA:2384796.2384800,
 author = {Li, Guo-Shi and Tricoche, Xavier and Hansen, Charles},
 title = {GPUFLIC: Interactive and Accurate Dense Visualization of Unsteady Flows},
 booktitle = {Proceedings of the Eighth Joint Eurographics / IEEE VGTC Conference on Visualization},
 series = {EUROVIS'06},
 year = {2006},
 isbn = {3-905673-31-2},
 location = {Lisbon, Portugal},
 pages = {29--34},
 numpages = {6},
 url = {http://dx.doi.org/10.2312/VisSym/EuroVis06/029-034},
 doi = {10.2312/VisSym/EuroVis06/029-034},
 acmid = {2384800},
 publisher = {Eurographics Association},
 address = {Aire-la-Ville, Switzerland},
}

@inproceedings{Liu:2002:AAA:509740.509747,
	author = {Liu, ZhanPing and Moorhead,II, Robert James},
	title = {AUFLIC: An Accelerated Algorithm for Unsteady Flow Line Integral Convolution},
	booktitle = {Proceedings of the Symposium on Data Visualisation 2002},
	series = {VISSYM '02},
	year = {2002},
	isbn = {1-58113-536-X},
	location = {Barcelona, Spain},
	pages = {43--ff},
	url = {http://dl.acm.org/citation.cfm?id=509740.509747},
	acmid = {509747},
	publisher = {Eurographics Association},
	address = {Aire-la-Ville, Switzerland, Switzerland},
	keywords = {LIC, UFLIC, convolution, flow field, pathline, texture synthesis, unsteady flow visualization},
} 
@article{Liu:2009:CVT:1559755.1559758,
 author = {Liu, Yang and Wang, Wenping and L{\'e}vy, Bruno and Sun, Feng and Yan, Dong-Ming and Lu, Lin and Yang, Chenglei},
 title = {On Centroidal Voronoi Tessellation\&Mdash;Energy Smoothness and Fast Computation},
 journal = {ACM Trans. Graph.},
 issue_date = {August 2009},
 volume = {28},
 number = {4},
 month = sep,
 year = {2009},
 issn = {0730-0301},
 pages = {101:1--101:17},
 articleno = {101},
 numpages = {17},
 url = {http://doi.acm.org/10.1145/1559755.1559758},
 doi = {10.1145/1559755.1559758},
 acmid = {1559758},
 publisher = {ACM},
 address = {New York, NY, USA},
 keywords = {Centroidal Voronoi tessellation, Lloyd's method, constrained CVT, numerical optimization, quasi-Newton methods, remeshing},
} 

s
@incollection{liuimr2010,
year={2010},
isbn={978-3-642-15413-3},
booktitle={Proceedings of the 19th International Meshing Roundtable},
editor={Shontz, Suzanne},
doi={10.1007/978-3-642-15414-0_22},
title={Multi-tissue Mesh Generation for Brain Images},
url={http://dx.doi.org/10.1007/978-3-642-15414-0_22},
publisher={Springer Berlin Heidelberg},
author={Liu, Yixun and Foteinos, Panagiotis and Chernikov, Andrey and Chrisochoides, Nikos},
pages={367-384},
language={English}
}

@inproceedings{Lorensen:1987:MCH:37401.37422,
 author = {Lorensen, William E. and Cline, Harvey E.},
 title = {Marching Cubes: A High Resolution 3D Surface Construction Algorithm},
 booktitle = {Proceedings of the 14th Annual Conference on Computer Graphics and Interactive Techniques},
 series = {SIGGRAPH '87},
 year = {1987},
 isbn = {0-89791-227-6},
 pages = {163--169},
 numpages = {7},
 url = {http://doi.acm.org/10.1145/37401.37422},
 doi = {10.1145/37401.37422},
 acmid = {37422},
 publisher = {ACM},
 address = {New York, NY, USA},
} 

@Article{SCI:Mac2009a,
	author =    "R.S. MacLeod and J.G. Stinstra and S. Lew and R.T.
	Whitaker and D.J. Swenson and M.J. Cole and J.
	Kr{\"u}ger and D.H. Brooks and C.R. Johnson",
	title =     "Subject-specific, multiscale simulation of
	electrophysiology: a software pipeline for
	image-based models and application examples",
	journal =   "Philosophical Transactions of The Royal Society A,
	Mathematical, Physical \& Engineering Sciences",
	volume =    "367",
	number =    "1896",
	pages =     "2293--2310",
	year =      "2009",
	url =       "http://www.sci.utah.edu/publications/Mac2009a/MacLeod_TRSA2009.pdf",
}
@article{DBLP:journals/jscic/MacdonaldR08,
  author    = {Colin B. Macdonald and
               Steven J. Ruuth},
  title     = {Level Set Equations on Surfaces via the Closest Point Method},
  journal   = {J. Sci. Comput.},
  volume    = {35},
  number    = {2-3},
  year      = {2008},
  pages     = {219-240},
  ee        = {http://dx.doi.org/10.1007/s10915-008-9196-6},
  bibsource = {DBLP, http://dblp.uni-trier.de}
}

@article{DBLP:journals/siamsc/MacdonaldR09,
  author    = {Colin B. Macdonald and
               Steven J. Ruuth},
  title     = {The Implicit Closest Point Method for the Numerical Solution
               of Partial Differential Equations on Surfaces},
  journal   = {SIAM J. Scientific Computing},
  volume    = {31},
  number    = {6},
  year      = {2009},
  pages     = {4330-4350},
  ee        = {http://dx.doi.org/10.1137/080740003},
  bibsource = {DBLP, http://dblp.uni-trier.de}
}

@article{makino1989,
year={1988},
issn={0008-8714},
journal={Celestial mechanics},
volume={45},
number={1-3},
doi={10.1007/BF01228995},
title={Galaxies in the connection machine},
url={http://dx.doi.org/10.1007/BF01228995},
publisher={Kluwer Academic Publishers},
author={Makino, Junichiro and Hut, Piet},
pages={141-147},
language={English}
}
InProceedings{Makino:1990:GSP,
	author =       "J. Makino and T. Ito and T. Ebisuzaki and D.
	Sugimoto",
	editor =       "{IEEE}",
	booktitle =    "Proceedings of the International Conference on
	Application Specific Array Processors, 1990",
	title =        "{GRAPE}: a special-purpose computer for {$N$}-body
	problems",
	publisher =    pub-IEEE,
	address =      pub-IEEE:adr,
	pages =        "180--189",
	year =         "1990",
	DOI =          "http://dx.doi.org/10.1109/ASAP.1990.145455",
	URL =          "http://ieeexplore.ieee.org/stamp/stamp.jsp?tp=&arnumber=145455"
}
@book{Makimo:1998:SSS:551182,
	author = {Makimo, J. and Taiji, Makoto},
	title = {Scientific Simulations with Special Purpose Computers: The Grade Systems},
	year = {1998},
	isbn = {047196946X},
	edition = {1st},
	publisher = {John Wiley \& Sons, Inc.},
	address = {New York, NY, USA},
} 

@InProceedings{kipfer:2004:UberFlow,
 author = {Peter Kipfer and Mark Segal and R{\"u}diger Westermann},
 title = {UberFlow: a {GPU}-based particle engine},
 booktitle = {HWWS '04: Proceedings of the ACM SIGGRAPH/EUROGRAPHICS conference
 on Graphics hardware},
 year = {2004},
 isbn = {3-905673-15-0},
 pages = {115--122},
 location = {Grenoble, France},
 doi = {http://doi.acm.org/10.1145/1058129.1058146},
 publisher = {ACM Press},
 address = {New York, NY, USA},
 }

 @InProceedings{Publ2004-24,
   author         = {Andreas Kolb and  Lutz Latta and  Christof Rezk-Salama},
   title          = {Hardware-based Simulation and Collision Detection for Large Particle Systems},
   booktitle      = {Proc. Graphics Hardware},
   year           = {2004},
   pages          = {123-131},
}
@InProceedings{Kolb05dynamicparticle,
    author = {Andreas Kolb and Nicolas Cuntz},
    title = {Dynamic particle coupling for {GPU}-based fluid simulation},
    booktitle = {Proc. of the 18th Symposium on Simulation Technique},
    year = {2005},
    pages = {722--727}
}
@article{Kruger:2005:PSI:1092712.1092800,
 author = {Kr{\"u}ger, Jens and Kipfer, Peter and Kondratieva, Polina and Westermann, Rudiger},
 title = {A Particle System for Interactive Visualization  of 3D Flows},
 journal = {IEEE Transactions on Visualization and Computer Graphics},
 volume = {11},
 issue = {6},
 month = {November},
 year = {2005},
 issn = {1077-2626},
 pages = {744--756},
 numpages = {13},
 url = {http://dx.doi.org/10.1109/TVCG.2005.87},
 doi = {http://dx.doi.org/10.1109/TVCG.2005.87},
 acmid = {1092800},
 publisher = {IEEE Educational Activities Department},
 address = {Piscataway, NJ, USA},
 keywords = {Index Terms- Flow visualization, particle tracing, programmable graphics hardware, visibility sorting, visualization geometry.},
} 
@inproceedings{Kruger:2003:LAO:1201775.882363,
	author = {Kr{\"u}ger, Jens and Westermann, R{\"u}diger},
	title = {Linear Algebra Operators for GPU Implementation of Numerical Algorithms},
	booktitle = {ACM SIGGRAPH 2003 Papers},
	series = {SIGGRAPH '03},
	year = {2003},
	isbn = {1-58113-709-5},
	location = {San Diego, California},
	pages = {908--916},
	numpages = {9},
	url = {http://doi.acm.org/10.1145/1201775.882363},
	doi = {10.1145/1201775.882363},
	acmid = {882363},
	publisher = {ACM},
	address = {New York, NY, USA},
	keywords = {graphics hardware, numerical simulation},
} 
[download]


@INPROCEEDINGS{1592819, 
	author={Larsen, E.S. and McAllister, D.}, 
	booktitle={Supercomputing, ACM/IEEE 2001 Conference}, 
	title={Fast Matrix Multiplies Using Graphics Hardware}, 
	year={2001}, 
	pages={43-43}, 
	keywords={Graphics Hardware;Matrix Multiplication;Computer graphics;Computer science;Concurrent computing;Costs;Distributed computing;Hardware;Parallel processing;Permission;Rendering (computer graphics);Visualization;Graphics Hardware;Matrix Multiplication}, 
	doi={10.1109/SC.2001.10049}, 
	month={Nov},}

@inproceedings{Lindholm:2001:UVE:383259.383274,
	author = {Lindholm, Erik and Kilgard, Mark J. and Moreton, Henry},
	title = {A User-programmable Vertex Engine},
	booktitle = {Proceedings of the 28th Annual Conference on Computer Graphics and Interactive Techniques},
	series = {SIGGRAPH '01},
	year = {2001},
	isbn = {1-58113-374-X},
	pages = {149--158},
	numpages = {10},
	url = {http://doi.acm.org/10.1145/383259.383274},
	doi = {10.1145/383259.383274},
	acmid = {383274},
	publisher = {ACM},
	address = {New York, NY, USA},
	keywords = {graphics hardware, graphics systems},
} 

@article{DBLP:journals/siamnum/MarzM12,
  author    = {Thomas M{\"a}rz and
               Colin B. Macdonald},
  title     = {Calculus on Surfaces with General Closest Point Functions},
  journal   = {SIAM J. Numerical Analysis},
  volume    = {50},
  number    = {6},
  year      = {2012},
  pages     = {3303-3328},
  ee        = {http://dx.doi.org/10.1137/120865537},
  bibsource = {DBLP, http://dblp.uni-trier.de}
}

@TECHREPORT{Mauch00afast,
    author = {Sean Mauch},
    title = {A Fast Algorithm for Computing the Closest Point and Distance Transform},
    institution = {Calif. Inst. of Technology},
    address = {Pasadena, CA, USA},
    year = {2000}
}
@INPROCEEDINGS{398846, 
	author={Max, N. and Becker, B. and Crawfis, R.}, 
	booktitle={Visualization, 1993. Visualization '93, Proceedings., IEEE Conference on}, 
	title={Flow volumes for interactive vector field visualization}, 
	year={1993}, 
	month={Oct}, 
	pages={19-24}, 
	keywords={data visualisation;flow visualisation;interactive systems;physics computing;rendering (computer graphics);user interfaces;vectors;artifacts;flow volumes;hardware compositing;hardware texturing;interactive system;interactive vector field visualization;rendering;smoke;sorting;subdivision;transparently rendered tetrahedra;user interaction;Animation;Fluid flow;Hardware;Interactive systems;Interpolation;Laboratories;Particle tracking;Rendering (computer graphics);Sorting;Visualization}, 
	doi={10.1109/VISUAL.1993.398846},}
@article{McMillan1993,
author = {McMillan, Stephen L. W.; Aarseth, Sverre J.},
title = {An O(N log N) integration scheme for collisional stellar systems},
journal = {Astrophysical Journal, Part 1 },
isbn =  {0004-637X},
volume = {414},
number = {1},
pages = {200-212},
year = {1993},
keywords = {Astrophysics, CELESTIAL MECHANICS, COLLISIONS, GALACTIC CLUSTERS, GLOBULAR CLUSTERS, STAR CLUSTERS, STELLAR SYSTEMS, ALGORITHMS, COSMOLOGY, DIGITAL SIMULATION, NUMERICAL INTEGRATION},
doi = {10.1086/173068},
bibsource = {1993ApJ...414..200M}
}

@InProceedings{SCI:Mey2005b,
  author =    "M. Meyer and P. Georgel and R.T. Whitaker",
  title =     "Robust Particle Systems for Curvature Dependent
              Sampling of Implicit Surfaces",
  booktitle = "Proceedings of the International Conference on
              Shape Modeling and Applications (SMI)",
  pages =     "124--133",
  year =      "2005",
  month =     "June",
  keywords =  "volume rendering",
  url =       "http://www.sci.utah.edu/publications/miriah05/smi05meyer.pdf",
}

@article{SCI:Mey2007b,
  author =    "M. Meyer and R.M. Kirby and R.T. Whitaker",
  title =     "Topology, Accuracy, and Quality of Isosurface
              Meshes Using Dynamic Particles",
  journal = "IEEE Transactions on Visualization and Computer Graphics (Visualization 2007)",
  volume =    "13",
  number =    "6",
  pages =     "1704--1711",
  year =      "2007",
  keywords =  "scalar field methods",
  url =       "http://www.sci.utah.edu/publications/meyer07/vis07meyer.pdf",
}

@article{SCI:Mey2008a,
  author =    "M.D. Meyer and R.T. Whitaker and R.M. Kirby and C.
              Ledergerber and H. Pfister",
  title =     "Particle-based Sampling and Meshing of Surfaces in
              Multimaterial Volumes",
  journal =   "IEEE Transactions on Visualization and Computer Graphics (Visualization 2008)",
  volume =    "14",
  number =    "6",
  pages =     "1539--1546",
  year =      "2008",
  url =       "http://www.sci.utah.edu/publications/meyer08/Meyer_VCG2008.pdf",
}
@INPROCEEDINGS{729596,
	author={Möller, T. and Mueller, K. and Kurzion, Y. and Machiraju, R. and Yagel, R.},
	booktitle={Volume Visualization, 1998. IEEE Symposium on},
	title={Design of accurate and smooth filters for function and derivative reconstruction},
	year={1998},
	pages={143-151},
	keywords={data visualisation;filters;image reconstruction;interpolation;rendering (computer graphics);accuracy criteria;accurate filter design;derivative reconstruction;frequency based methods;function reconstruction;reconstructed function smoothness;rendering;sampled data sets;smooth filter design;spatial reconstruction error;spatial smoothness criteria;synthetic test function;visualization algorithms;volume rendering;Art;Design engineering;Filters;Frequency;Frequency domain analysis;Image reconstruction;Information science;Interpolation;Polynomials;Process design;Rendering (computer graphics);Visualization},
	doi={10.1109/SVV.1998.729596},
	month={Oct},}
@article{Nickolls:2008:SPP:1365490.1365500,
 author = {Nickolls, John and Buck, Ian and Garland, Michael and Skadron, Kevin},
 title = {Scalable Parallel Programming with CUDA},
 journal = {Queue},
 issue_date = {March/April 2008},
 volume = {6},
 number = {2},
 month = mar,
 year = {2008},
 issn = {1542-7730},
 pages = {40--53},
 numpages = {14},
 url = {http://doi.acm.org/10.1145/1365490.1365500},
 doi = {10.1145/1365490.1365500},
 acmid = {1365500},
 publisher = {ACM},
 address = {New York, NY, USA},
} 
@article{Nitadori2006169,
title = "Performance tuning of N-body codes on modern microprocessors: I. Direct integration with a hermite scheme on x86\_64 architecture ",
journal = "New Astronomy ",
volume = "12",
number = "3",
pages = "169 - 181",
year = "2006",
note = "",
issn = "1384-1076",
doi = "http://dx.doi.org/10.1016/j.newast.2006.07.007",
url = "http://www.sciencedirect.com/science/article/pii/S1384107606000947",
author = "Keigo Nitadori and Junichiro Makino and Piet Hut",
keywords = "Stellar dynamics",
keywords = "Methods: numerical "
}
@article {CGF:CGF1012,
	author = {Owens, John D. and Luebke, David and Govindaraju, Naga and Harris, Mark and Kr{\"u}ger, Jens and Lefohn, Aaron E. and Purcell, Timothy J.},
	title = {A Survey of General-Purpose Computation on Graphics Hardware},
	journal = {Computer Graphics Forum},
	volume = {26},
	number = {1},
	publisher = {Blackwell Publishing Ltd},
	issn = {1467-8659},
	url = {http://dx.doi.org/10.1111/j.1467-8659.2007.01012.x},
	doi = {10.1111/j.1467-8659.2007.01012.x},
	pages = {80--113},
	keywords = {GPGPU, general-purpose computing on graphics hardware, parallel computing, GPU, graphics hardware, SIMD, stream processing, stream computing, data-parallel computing, high-performance computing, HPC, I.3.1 Computer Graphics: Hardware architecture, I.3.6 Computer Graphics: Methodology and techniques, D.2.2 Software Engineering: Design tools and techniques},
	year = {2007},
}

@article{Pasko95functionrepresentation,
    author = {Alexander Pasko and Valery Adzhiev and Alexei Sourin and Vladimir Savchenko},
    title = {Function Representation in Geometric Modeling: Concepts, Implementation and Applications},
 journal = {The Visual Computer},
    year = {1995},
 pages = {429-446},
 volume = {11},
 number= {8},
 doi = {10.1007/bf02464333}
}
@incollection{ponsipmi2007,
year={2007},
isbn={978-3-540-73272-3},
booktitle={Information Processing in Medical Imaging},
volume={4584},
series={Lecture Notes in Computer Science},
editor={Karssemeijer, Nico and Lelieveldt, Boudewijn},
doi={10.1007/978-3-540-73273-0_17},
title={High-Quality Consistent Meshing of Multi-label Datasets},
url={http://dx.doi.org/10.1007/978-3-540-73273-0_17},
publisher={Springer Berlin Heidelberg},
author={Pons, J.-P. and Ségonne, F. and Boissonnat, J.-D. and Rineau, L. and Yvinec, M. and Keriven, R.},
pages={198-210},
language={English}
}

@article{Parthasarathy:1994:CTQ:182283.182288,
	author = {Parthasarathy, V. N. and Graichen, C. M. and Hathaway, A. F.},
	title = {A Comparison of Tetrahedron Quality Measures},
	journal = {Finite Elem. Anal. Des.},
	issue_date = {Jan. 1994},
	volume = {15},
	number = {3},
	month = jan,
	year = {1994},
	issn = {0168-874X},
	pages = {255--261},
	numpages = {7},
	url = {http://dx.doi.org/10.1016/0168-874X(94)90033-7},
	doi = {10.1016/0168-874X(94)90033-7},
	acmid = {182288},
	publisher = {Elsevier Science Publishers B. V.},
	address = {Amsterdam, The Netherlands, The Netherlands},
} 
@inproceedings{Purcell:2002:RTP:566570.566640,
	author = {Purcell, Timothy J. and Buck, Ian and Mark, William R. and Hanrahan, Pat},
	title = {Ray Tracing on Programmable Graphics Hardware},
	booktitle = {Proceedings of the 29th Annual Conference on Computer Graphics and Interactive Techniques},
	series = {SIGGRAPH '02},
	year = {2002},
	isbn = {1-58113-521-1},
	location = {San Antonio, Texas},
	pages = {703--712},
	numpages = {10},
	url = {http://doi.acm.org/10.1145/566570.566640},
	doi = {10.1145/566570.566640},
	acmid = {566640},
	publisher = {ACM},
	address = {New York, NY, USA},
	keywords = {programmable graphics hardware, ray tracing},
} 
@INPROCEEDINGS{Revelles00anefficient,
    author = {J. Revelles and C. Ureña and M. Lastra},
    title = {An Efficient Parametric Algorithm for Octree Traversal},
    booktitle = {Journal of WSCG},
    year = {2000},
    pages = {212--219}
}
@article{DBLP:journals/jcphy/RuuthM08,
  author    = {Steven J. Ruuth and
               Barry Merriman},
  title     = {A simple embedding method for solving partial differential
               equations on surfaces},
  journal   = {J. Comput. Physics},
  volume    = {227},
  number    = {3},
  year      = {2008},
  pages     = {1943-1961},
  ee        = {http://dx.doi.org/10.1016/j.jcp.2007.10.009},
  bibsource = {DBLP, http://dblp.uni-trier.de}
}
@ARTICLE{4376174, 
author={Sadlo, F. and Peikert, R.}, 
journal={Visualization and Computer Graphics, IEEE Transactions on}, 
title={Efficient Visualization of Lagrangian Coherent Structures by Filtered AMR Ridge Extraction}, 
year={2007}, 
volume={13}, 
number={6}, 
pages={1456-1463}, 
keywords={Lyapunov methods;computational fluid dynamics;feature extraction;filtering theory;flow visualisation;mesh generation;Lagrangian coherent structure visualization;adaptive mesh refinement;arbitrary sampling grids;filtered AMR ridge extraction;finite Lyapunov exponent fields;vector fields;Adaptive filters;Adaptive mesh refinement;Computational efficiency;Fluid dynamics;Grid computing;Isosurfaces;Lagrangian functions;Sampling methods;Topology;Visualization;coherent structures;flow visualization;ridge extraction;unsteady vector fields;vector field topology}, 
doi={10.1109/TVCG.2007.70554}, 
ISSN={1077-2626}
}
@inproceedings {PE.VMLS.VMLS2013.049-053,
	booktitle = {Visualization in Medicine and Life Sciences},
	editor = {L. Linsen and H. -C. Hege and B. Hamann},
	title = {{Improving Electrical Impedance Tomography Imaging of the Lung with Patient-specific 3D Models}},
	author = {Salz, P. and Reske, A. and Wrigge, H. and Scheuermann, G. and Hagen, H.},
	year = {2013},
	publisher = {The Eurographics Association},
	ISBN = {978-3-905674-52-1},
	DOI = {10.2312/PE.VMLS.VMLS2013.049-053}
}
@INPROCEEDINGS{1372187, 
	author={Sanderson, A and Johnson, C.R. and Kirby, R.M.}, 
	booktitle={Visualization, 2004. IEEE}, 
	title={Display of vector fields using a reaction-diffusion model}, 
	year={2004}, 
	month={Oct}, 
	pages={115-122}, 
	keywords={computational fluid dynamics;data visualisation;encoding;flow visualisation;image texture;reaction-diffusion systems;automatic density distribution;direction encoding;fading texture;flow visualization;glyph placement;irregular spatio-temporal patters;reaction-diffusion model;vector field representation;vector visualization technique;Bioelectric phenomena;Computer applications;Displays;Fading;Fluid dynamics;Scientific computing;Shape control;Size control;Uncertainty;Visualization}, 
	doi={10.1109/VISUAL.2004.25},}

@inproceedings{Schafhitzel:2007:PSS:1268517.1268564,
 author = {Schafhitzel, Tobias and Tejada, Eduardo and Weiskopf, Daniel and Ertl, Thomas},
 title = {Point-based stream surfaces and path surfaces},
 booktitle = {Proceedings of Graphics Interface 2007},
 series = {GI '07},
 year = {2007},
 isbn = {978-1-56881-337-0},
 location = {Montreal, Canada},
 pages = {289--296},
 numpages = {8},
 url = {http://doi.acm.org/10.1145/1268517.1268564},
 doi = {10.1145/1268517.1268564},
 acmid = {1268564},
 publisher = {ACM},
 address = {New York, NY, USA},
 keywords = {GPU methods, flow visualization, line integral convolution, path surfaces, point-based surfaces, stream surfaces},
} 
@book{Schneider:2002:GTC:863093,
 author = {Schneider, Philip J. and Eberly, David},
 title = {Geometric Tools for Computer Graphics},
 year = {2002},
 isbn = {1558605940},
 publisher = {Elsevier Science Inc.},
 address = {New York, NY, USA},
} 
@inproceedings{Schwarz:2010:FPS:1882262.1866201,
	author = {Schwarz, Michael and Seidel, Hans-Peter},
	title = {Fast Parallel Surface and Solid Voxelization on GPUs},
	booktitle = {ACM SIGGRAPH Asia 2010 Papers},
	series = {SIGGRAPH ASIA '10},
	year = {2010},
	isbn = {978-1-4503-0439-9},
	location = {Seoul, South Korea},
	pages = {179:1--179:10},
	articleno = {179},
	numpages = {10},
	url = {http://doi.acm.org/10.1145/1866158.1866201},
	doi = {10.1145/1866158.1866201},
	acmid = {1866201},
	publisher = {ACM},
	address = {New York, NY, USA},
	keywords = {GPU computing, octree, overlap testing, parallel data structure creation, voxelization},
} 
@inproceedings{Shen:1996:VVF:236226.236234,
	author = {Shen, Han-Wei and Johnson, Christopher R. and Ma, Kwan-Liu},
	title = {Visualizing Vector Fields Using Line Integral Convolution and Dye Advection},
	booktitle = {Proceedings of the 1996 Symposium on Volume Visualization},
	series = {VVS '96},
	year = {1996},
	isbn = {0-89791-865-7},
	location = {San Francisco, California, USA},
	pages = {63--ff.},
	url = {http://dl.acm.org/citation.cfm?id=236226.236234},
	acmid = {236234},
	publisher = {IEEE Press},
	address = {Piscataway, NJ, USA},
} 
@INPROCEEDINGS{663898, 
author={Shen, H.-W. and Kao, D.L.}, 
booktitle={Visualization '97., Proceedings}, 
title={UFLIC: a line integral convolution algorithm for visualizing unsteady flows}, 
year={1997}, 
pages={317-322}, 
keywords={computer animation;convolution;data visualisation;digital simulation;feedforward;flow instability;flow simulation;flow visualisation;integral equations;physics computing;UFLIC algorithm;animation frames;flow advection;global feature tracing;line integral convolution algorithm;successive feedforward method;time-accurate highly coherent flow animation;time-accurate value depositing scheme;unsteady flow field;unsteady flow visualization;vector data visualization;Aerodynamics;Animation;Computational fluid dynamics;Computational modeling;Computer displays;Computer graphics;Convolution;Data visualization;Feedforward systems;NASA;Postal services}, 
doi={10.1109/VISUAL.1997.663898}, 
ISSN={1},}
@article{journals/tvcg/ShenK98,
  added-at = {2011-11-07T00:00:00.000+0100},
  author = {Shen, Han-Wei and Kao, David L.},
  biburl = {http://www.bibsonomy.org/bibtex/2d052ffbf362192230635671a0dcf3f70/dblp},
  ee = {http://doi.ieeecomputersociety.org/10.1109/2945.694952},
  interhash = {a44294c950923342659d77a2d6be1ead},
  intrahash = {d052ffbf362192230635671a0dcf3f70},
  journal = {IEEE Trans. Vis. Comput. Graph.},
  keywords = {dblp},
  number = 2,
  pages = {98-108},
  timestamp = {2011-11-07T00:00:00.000+0100},
  title = {A New Line Integral Convolution Algorithm for Visualizing Time-Varying Flow Fields.},
  url = {http://dblp.uni-trier.de/db/journals/tvcg/tvcg4.html#ShenK98},
  volume = 4,
  year = 1998
}

@INPROCEEDINGS{Shewchuk02constraineddelaunay,
    author = {Jonathan Richard Shewchuk},
    title = {Constrained Delaunay Tetrahedralizations and Provably Good Boundary Recovery},
    booktitle = {In Eleventh International Meshing Roundtable},
    year = {2002},
    pages = {193--204}
}
@incollection{shewchuk2012,
author = {J. R. Shewchuk},
year = 2012,
title = {Unstructured mesh generation},
editor = {Uwe Naumann and Olaf Schenk},
booktitle = {In Combinatorial Scientific Computing},
publisher = {CRC Press},
pages = {257--297},
}
@inproceedings{Shimada:1995:BMA:218013.218095,
 author = {Shimada, Kenji and Gossard, David C.},
 title = {Bubble Mesh: Automated Triangular Meshing of Non-manifold Geometry by Sphere Packing},
 booktitle = {Proceedings of the Third ACM Symposium on Solid Modeling and Applications},
 series = {SMA '95},
 year = {1995},
 isbn = {0-89791-672-7},
 location = {Salt Lake City, Utah, USA},
 pages = {409--419},
 numpages = {11},
 url = {http://doi.acm.org/10.1145/218013.218095},
 doi = {10.1145/218013.218095},
 acmid = {218095},
 publisher = {ACM},
 address = {New York, NY, USA},
} 
@inproceedings{Spafford:2011:QNC:1964179.1964194,
 author = {Spafford, Kyle and Meredith, Jeremy S. and Vetter, Jeffrey S.},
 title = {Quantifying NUMA and Contention Effects in multi-GPU Systems},
 booktitle = {Proceedings of the Fourth Workshop on General Purpose Processing on Graphics Processing Units},
 series = {GPGPU-4},
 year = {2011},
 isbn = {978-1-4503-0569-3},
 location = {Newport Beach, California, USA},
 pages = {11:1--11:7},
 articleno = {11},
 numpages = {7},
 url = {http://doi.acm.org/10.1145/1964179.1964194},
 doi = {10.1145/1964179.1964194},
 acmid = {1964194},
 publisher = {ACM},
 address = {New York, NY, USA},
 keywords = {GPGPU, benchmarking, graphics processors, performance},
} 
@inproceedings{Stalling:1995:FRI:218380.218448,
	author = {Stalling, Detlev and Hege, Hans-Christian},
	title = {Fast and Resolution Independent Line Integral Convolution},
	booktitle = {Proceedings of the 22Nd Annual Conference on Computer Graphics and Interactive Techniques},
	series = {SIGGRAPH '95},
	year = {1995},
	isbn = {0-89791-701-4},
	pages = {249--256},
	numpages = {8},
	url = {http://doi.acm.org/10.1145/218380.218448},
	doi = {10.1145/218380.218448},
	acmid = {218448},
	publisher = {ACM},
	address = {New York, NY, USA},
	keywords = {periodic motion filtering, texture synthesis, vector field visualization},
} 
@journal{Stenfelt09engineeringnotes,
	author = {Gloria Stenfelt and Ulf Ringertz},
	title = {Engineering Notes Lateral Stability and Control of a Tailless Aircraft Configuration},
	year = {2009},
	doi = {10.2514/1.41092},
	journal = {Journal of Aircraft},
	publisher = {American Institute of Aeronautics and Astronautics},
	url = {http://arc.aiaa.org/doi/abs/10.2514/1.41092},
}

@inproceedings{Strzodka:2004:GDT:2384225.2384258,
 author = {Strzodka, R. and Telea, A.},
 title = {Generalized Distance Transforms and Skeletons in Graphics Hardware},
 booktitle = {Proceedings of the Sixth Joint Eurographics - IEEE TCVG Conference on Visualization},
 series = {VISSYM'04},
 year = {2004},
 isbn = {3-905673-07-X},
 location = {Konstanz, Germany},
 pages = {221--230},
 numpages = {10},
 url = {http://dx.doi.org/10.2312/VisSym/VisSym04/221-230},
 doi = {10.2312/VisSym/VisSym04/221-230},
 acmid = {2384258},
 publisher = {Eurographics Association},
 address = {Aire-la-Ville, Switzerland, Switzerland},
} 

@Article{Sugimoto:1990:SPC,
  author =       "D. Sugimoto and Y. Chikada and J. Makino and T. Ito
                 and T. Ebisuzaki and M. Umemura",
  title =        "A special-purpose computer for gravitational many-body
                 problems",
  journal =      j-NATURE,
  volume =       "345",
  number =       "6270",
  pages =        "33--35",
  day =          "3",
  month =        may,
  year =         "1990",
  CODEN =        "NATUAS",
  DOI =          "http://dx.doi.org/10.1038/345033a0",
  ISSN =         "0028-0836 (print), 1476-4687 (electronic)",
  ISSN-L =       "0028-0836",
  URL =          "http://www.nature.com/nature/journal/v345/n6270/pdf/345033a0.pdf",
  fjournal =     "Nature",
  journal-URL =  "http://www.nature.com/nature/archive/"
}
@Article{SCI:Swe2010a,
  author =    "D. Swenson and J. Levine and Z. Fu and J.D. Tate
              and R.S. MacLeod",
  title =     "The Effect of Non-Conformal Finite Element
              Boundaries on Electrical Monodomain and Bidomain
              Simulations",
  journal =   "Computing in Cardiology",
  number =    "37",
  pages =     "97--100",
  year =      "2010",
  url =       "http://www.sci.utah.edu/publications/swenson10/Swenson_CinC2010.pdf",
}
@misc{Swe2012,
author = "D. Swenson",
year = "2012",
howpublished="private communication"}


@inproceedings{DBLP:conf/icip/TianMR09,
  author    = {Li (Luke) Tian and
               Colin B. Macdonald and
               Steven J. Ruuth},
  title     = {Segmentation on surfaces with the Closest Point Method},
  booktitle = {ICIP},
  year      = {2009},
  pages     = {3009-3012},
  ee        = {http://dx.doi.org/10.1109/ICIP.2009.5414447},
  bibsource = {DBLP, http://dblp.uni-trier.de}

}@incollection{tournoisimr2009,
year={2009},
isbn={978-3-642-04318-5},
booktitle={Proceedings of the 18th International Meshing Roundtable},
editor={Clark, BrettW.},
doi={10.1007/978-3-642-04319-2_10},
title={Perturbing Slivers in 3D Delaunay Meshes},
url={http://dx.doi.org/10.1007/978-3-642-04319-2_10},
publisher={Springer Berlin Heidelberg},
author={Tournois, Jane and Srinivasan, Rahul and Alliez, Pierre},
pages={157-173},
language={English}
}
@INPROCEEDINGS{1250361, 
author={Weiskopf, D. and Erlebacher, G. and Ertl, T.}, 
booktitle={Visualization, 2003. VIS 2003. IEEE}, 
title={A texture-based framework for spacetime-coherent visualization of time-dependent vector fields}, 
year={2003}, 
pages={107-114}, 
keywords={data visualisation;flow visualisation;image processing;Lagrangian-Eulerian advection;dynamic LIC;graphics hardware;hardware acceleration;image quality;image-based flow visualization;spacetime-coherent visualization;spatial correlation;temporal coherence;texture advection;texture-based discretization;time evolution;time-dependent vector fields;unsteady flow LIC;unsteady flow advection-convolution;Aerodynamics;Computer graphics;Convolution;Hardware;Image quality;Information technology;Interactive systems;Lagrangian functions;Spatial coherence;Visualization}, 
doi={10.1109/VISUAL.2003.1250361},}
@article{DBLP:journals/cgf/Weiskopf04,
  author    = {Daniel Weiskopf},
  title     = {Dye Advection without the Blur: A Level-Set Approach for
               Texture-Based Visualization of Unsteady Flow},
  journal   = {Comput. Graph. Forum},
  volume    = {23},
  number    = {3},
  year      = {2004},
  pages     = {479-488},
  ee        = {http://dx.doi.org/10.1111/j.1467-8659.2004.00779.x},
  bibsource = {DBLP, http://dblp.uni-trier.de}
}

@ARTICLE{506222, 
	author={Shyh-Kuang Ueng and Sikorski, C. and Ma, K.-L.}, 
	journal={Visualization and Computer Graphics, IEEE Transactions on}, 
	title={Efficient streamline, streamribbon, and streamtube constructions on unstructured grids}, 
	year={1996}, 
	volume={2}, 
	number={2}, 
	pages={100-110}, 
	keywords={Runge-Kutta methods;data visualisation;difference equations;flow visualisation;physics;physics computing;angular rotation rates;canonical coordinate system;large flow fields;mathematical formulations;physics computing;specialized Runge-Kutta method;steady flow field visualization;streamline construction;streamribbon;streamtube constructions;unstructured grids;Cities and towns;Computational efficiency;Computer applications;Computer science;Convergence;Differential equations;NASA;Postal services;Vectors;Visualization}, 
	doi={10.1109/2945.506222}, 
	ISSN={1077-2626},}
@inproceedings{weiskopf2005particle,
   title={Particle and texture based spatiotemporal visualization of time-dependent vector fields},
   author={Weiskopf, D. and Schramm, F. and Erlebacher, G. and Ertl, T.},
   booktitle={Visualization, 2005. VIS 05. IEEE},
   pages={639–646},
   year={2005},
   organization={IEEE}
}
@inproceedings{DBLP:conf/visualization/Wijk03,
  author    = {Jarke J. van Wijk},
  title     = {Image Based Flow Visualization for Curved Surfaces},
  booktitle = {IEEE Visualization},
  year      = {2003},
  pages     = {123-130},
  ee        = {http://doi.ieeecomputersociety.org/10.1109/VISUAL.2003.1250363},
  bibsource = {DBLP, http://dblp.uni-trier.de}
}
@inproceedings{DBLP:conf/siggraph/Wijk02,
  author    = {Jarke J. van Wijk},
  title     = {Image based flow visualization},
  booktitle = {SIGGRAPH},
  year      = {2002},
  pages     = {745-754},
  ee        = {http://doi.acm.org/10.1145/566570.566646},
  bibsource = {DBLP, http://dblp.uni-trier.de}
}
@article{Raman:2008:CDI:1345867.1345918,
 author = {Raman, Rajeev and Wise, David Stephen},
 title = {Converting to and from Dilated Integers},
 journal = {IEEE Trans. Comput.},
 issue_date = {April 2008},
 volume = {57},
 number = {4},
 month = apr,
 year = {2008},
 issn = {0018-9340},
 pages = {567--573},
 numpages = {7},
 url = {http://dx.doi.org/10.1109/TC.2007.70814},
 doi = {10.1109/TC.2007.70814},
 acmid = {1345918},
 publisher = {IEEE Computer Society},
 address = {Washington, DC, USA},
 keywords = {Analysis of Algorithms, Data Structures: Arrays, Data Structures: Arrays, Programming Techniques: General, Memory Structures: Design Styles, Analysis of Algorithms, and Problem Complexity: Numerical algorithms, problems: computations on matrices., Memory Structures: Design Styles, Programming Techniques: General, and Problem Complexity: Numerical algorithms, problems: computations on matrices.},
} 

@inproceedings{Warren:1993:PHO:169627.169640,
 author = {Warren, M. S. and Salmon, J. K.},
 title = {A Parallel Hashed Oct-Tree N-body Algorithm},
 booktitle = {Proceedings of the 1993 ACM/IEEE Conference on Supercomputing},
 series = {Supercomputing '93},
 year = {1993},
 isbn = {0-8186-4340-4},
 location = {Portland, Oregon, USA},
 pages = {12--21},
 numpages = {10},
 url = {http://doi.acm.org/10.1145/169627.169640},
 doi = {10.1145/169627.169640},
 acmid = {169640},
 publisher = {ACM},
 address = {New York, NY, USA}
} 
@inproceedings{Whitaker:2000:RAA:353888.353893,
 author = {Whitaker, Ross T.},
 title = {Reducing aliasing artifacts in iso-surfaces of binary volumes},
 booktitle = {Proceedings of the 2000 IEEE symposium on volume visualization},
 series = {VVS '00},
 year = {2000},
 isbn = {1-58113-308-1},
 location = {Salt Lake City, Utah, United States},
 pages = {23--32},
 numpages = {10},
 url = {http://doi.acm.org/10.1145/353888.353893},
 doi = {http://doi.acm.org/10.1145/353888.353893},
 acmid = {353893},
 publisher = {ACM},
 address = {New York, NY, USA},
 keywords = {antialiasing, binary volumes, level sets},
} 
@Article{witkin-heckbert,
  author =	"Andrew Witkin and Paul Heckbert",
  journal =	"Computer Graphics",
  month =	jul,
  note = 	"Proceedings of SIGGRAPH'94",
  pages =	"269--278",
  title =	"Using Particles to Sample and Control Implicit
		 Surfaces",
  year = 	"1994",
  keywords =	"physically based modeling, constrained optimization,
		 adaptive sampling, interaction",
  tag =  	"I36",
}

@InProceedings{Heckbert:1997:SIGGRAPH,
	author = "Paul S. Heckbert",
	title = "Fast Surface Particle Repulsion",
	year = "1997",
	mon = aug,
	booktitle = "SIGGRAPH '97, New Frontiers in Modeling and Texturing Course",
	pages = "95--114",
	publisher = "ACM Press",
}



@ARTICLE{6127848, 
author={Yokota, R. and Barba, L.}, 
journal={Computing in Science Engineering}, 
title={Hierarchical N-body Simulations with Autotuning for Heterogeneous Systems}, 
year={2012}, 
volume={14}, 
number={3}, 
pages={30-39}, 
keywords={N-body simulations (astronomical);graphics processing units;GPU hardware;classical N-body problem;computational intensity;heterogeneous computing environments;heterogeneous systems;hierarchical N-body simulations;multipole-type algorithms;Algorithm design and analysis;Computational modeling;Computer architecture;Graphics processing unit;GPU programming;Scientific computing;autotuning;computational science;fast N-body algorithms}, 
doi={10.1109/MCSE.2012.1}, 
ISSN={1521-9615}
}
@article{zhang2005,
author={Zhang, Yongjie and Bajaj, ChandrajitL.},
year={2005},
title={3d Finite Element Meshing from Imaging Data},
journal={Computer Methods in Applied Mechanics and Engineering (CMAME)},
pages={5083 -- 5106},
}

@incollection{
year={2008},
isbn={978-3-540-75102-1},
booktitle={Proceedings of the 16th International Meshing Roundtable},
editor={Brewer, MichaelL. and Marcum, David},
doi={10.1007/978-3-540-75103-8_21},
title={Automatic 3D Mesh Generation for a Domain with Multiple Materials},
url={http://dx.doi.org/10.1007/978-3-540-75103-8_21},
publisher={Springer Berlin Heidelberg},
keywords={Unstructured 3D meshes; multiple materials; conforming boundaries; material change edge; pillowing; geometric flow.},
author={Zhang, Yongjie and Hughes, ThomasJ.R. and Bajaj, ChandrajitL.},
pages={367-386},
language={English}
}
@article{Zhang2010405,
title = "An automatic 3D mesh generation method for domains with multiple materials ",
journal = "Computer Methods in Applied Mechanics and Engineering ",
volume = "199",
number = "5–8",
pages = "405 - 415",
year = "2010",
note = "Computational Geometry and Analysis ",
issn = "0045-7825",
doi = "http://dx.doi.org/10.1016/j.cma.2009.06.007",
url = "http://www.sciencedirect.com/science/article/pii/S004578250900214X",
author = "Yongjie Zhang and Thomas J.R. Hughes and Chandrajit L. Bajaj",
keywords = "Unstructured 3D meshes",
keywords = "Multiple materials",
keywords = "Conforming boundaries",
keywords = "Material change edge",
keywords = "Pillowing",
keywords = "Geometric flow "
}


@article{Zockler1997975,
	title = "Parallel line integral convolution ",
	journal = "Parallel Computing ",
	volume = "23",
	number = "7",
	pages = "975 - 989",
	year = "1997",
	note = "Parallel graphics and visualisation ",
	issn = "0167-8191",
	doi = "http://dx.doi.org/10.1016/S0167-8191(97)00039-2",
	url = "http://www.sciencedirect.com/science/article/pii/S0167819197000392",
	author = "Malte Z{\"o}ckler and Detlev Stalling and Hans-Christian Hege",
	keywords = "Vector field visualization",
	keywords = "Line integral convolution",
	keywords = "Texture",
	keywords = "Parallel rendering "
}


@book{CUDA,
  author    = {{NVIDIA Corporation}},
  title     = {NVIDIA CUDA Compute Unified Device Architecture Programming Guide},
  publisher = {NVIDIA Corporation},
  year      = {2007}
}


@Misc{SCI:BioMesh3D,
author = "SCI",
note =      "BioMesh3D: Quality Mesh Generator for Biomedical Applications. Scientific Computing and Imaging
            Institute (SCI)",
keywords =  "biomesh3d",
URL =       "http://www.biomesh3d.org",
} 

@MISC{Thrust,
  author = "Jared Hoberock and Nathan Bell",
  title = "Thrust: A Parallel Template Library",
  year = "2010",
  url = "http://thrust.github.io/",
  note = "Version 1.7.0"
}

@techreport{particlesimcuda,
author = {Simon Green},
title = "Particle Simulation using CUDA",
type = {White Paper},
year = {2010},
month = {May},
Institution = {NVIDIA}
}

@misc{SC2014Nvidia,
	Author={Nvidia},
	Title="Tesla K80 Is All About Instant Gratification, Early Users Say",
	booktitle = {Supercomputing 2014},
	Institution={},
	Year={2014},
	url={http://blogs.nvidia.com/blog/2014/11/18/tesla-k80-perf/}
}

@techreport{inflightflowvis,
	author = {Fisher, David F. and Delfrate, John H. and Richwine, David M.},
	title = {In-flight flow visualization characteristics of the NASA F-18 high alpha research vehicle at high angles of attack},
	year = {1991},
	Institution = {National Aeronautic and Space Agency (NASA)},
	url = {http://naca.larc.nasa.gov/search.jsp?R=19910010742&hterms=in-flight+visualization+characteristics&qs=N%3D0%26Ntk%3DAll%26Ntt%3Din-flight%2520visualization%2520characteristics%26Ntx%3Dmode%2520matchallpartial},
	}